@book{MMDM,
  author    = {秦大同 and 谢里阳},
  location  = {北京},
  publisher = {化学工业出版社},
  date      = {2019},
  title     = {现代机械设计手册. 第二卷},
}
